<record><leader>00000cas a22000007a 4500</leader><controlfield tag="001">25532702</controlfield><controlfield tag="008">920326d188u18uuriuwr ne      0    0eng d</controlfield><datafield ind1=" " ind2=" " tag="010"><subfield code="a">sn 92064008 </subfield></datafield><datafield ind1=" " ind2=" " tag="040"><subfield code="a">RHN</subfield><subfield code="b">eng</subfield><subfield code="c">RHN</subfield><subfield code="d">OCLCQ</subfield></datafield><datafield ind1=" " ind2=" " tag="042"><subfield code="a">msc</subfield></datafield><datafield ind1="0" ind2=" " tag="130"><subfield code="a">Call (Westerly, R.I.)</subfield></datafield><datafield ind1="1" ind2="4" tag="245"><subfield code="a">The call.</subfield></datafield><datafield ind1="1" ind2="3" tag="246"><subfield code="a">Westerly call</subfield></datafield><datafield ind1=" " ind2=" " tag="260"><subfield code="a">Westerly, R.I. :</subfield><subfield code="b">Call Co.</subfield></datafield><datafield ind1=" " ind2=" " tag="300"><subfield code="a">v.</subfield></datafield><datafield ind1=" " ind2=" " tag="310"><subfield code="a">Weekly</subfield></datafield><datafield ind1=" " ind2=" " tag="588"><subfield code="a">Description based on: Vol. 2, no. 5 (Dec. 31, 1886).</subfield></datafield><datafield ind1=" " ind2="4" tag="651"><subfield code="a">Westerly (R.I. : Town)</subfield><subfield code="v">Newspapers.</subfield></datafield><datafield ind1=" " ind2=" " tag="752"><subfield code="a">United States</subfield><subfield code="b">Rhode Island</subfield><subfield code="c">Washington</subfield><subfield code="d">Westerly.</subfield></datafield><datafield ind1="1" ind2=" " tag="029"><subfield code="a">AU@</subfield><subfield code="b">000020699137</subfield></datafield></record>